<?xml version="1.0" encoding="UTF-8"?>
<collection xmlns="http://www.loc.gov/MARC21/slim">
   <record>
      <leader>00000nz  a2200000nc 4500</leader>
      <controlfield tag="001">institutions/51007967</controlfield>
      <controlfield tag="003">DE-633</controlfield>
      <controlfield tag="005">20250902085633.0</controlfield>
      <controlfield tag="008">240528||||z|||a|||||||||||||||||n||||||d</controlfield>
      <datafield tag="024" ind1="7" ind2=" ">
         <subfield code="a">ZA-Anahecs</subfield>
         <subfield code="q">siglum</subfield>
         <subfield code="2">rism</subfield>
      </datafield>
      <datafield tag="034" ind1="1" ind2=" ">
         <subfield code="d">26.845894073911182</subfield>
         <subfield code="f">-32.785868133515535</subfield>
      </datafield>
      <datafield tag="040" ind1=" " ind2=" ">
         <subfield code="a">DE-633</subfield>
         <subfield code="c">DE-633</subfield>
         <subfield code="e">rismg</subfield>
      </datafield>
      <datafield tag="043" ind1=" " ind2=" ">
         <subfield code="c">XC-ZA</subfield>
      </datafield>
      <datafield tag="110" ind1="1" ind2=" ">
         <subfield code="a">The National Heritage and Cultural Studies Centre (NAHECS), Library</subfield>
         <subfield code="c">Alice</subfield>
         <subfield code="g">ZA-Anahecs</subfield>
      </datafield>
      <datafield tag="368" ind1=" " ind2=" ">
         <subfield code="a">Institution</subfield>
         <subfield code="a">Library</subfield>
      </datafield>
      <datafield tag="371" ind1=" " ind2=" ">
         <subfield code="a">Postal Address:</subfield>
         <subfield code="a">Private Bag X1322</subfield>
         <subfield code="b">Alice</subfield>
         <subfield code="c">Eastern Cape</subfield>
         <subfield code="d">South Africa</subfield>
         <subfield code="e">5700</subfield>
         <subfield code="m">mmaamoe@ufh.ac.za</subfield>
         <subfield code="u">https://www.ufh.ac.za/faculties/social-sciences/centres/nahecs</subfield>
         <subfield code="z">contact: Mosoabuli Maamoe</subfield>
         <subfield code="z">tel: +27 / 40 602 2050</subfield>
      </datafield>
      <datafield tag="371" ind1=" " ind2=" ">
         <subfield code="a">Physical Address:</subfield>
         <subfield code="a">Main Campus</subfield>
         <subfield code="b">Alice</subfield>
         <subfield code="c">Eastern Cape</subfield>
         <subfield code="d">South Africa</subfield>
         <subfield code="e">5700</subfield>
      </datafield>
      <datafield tag="551" ind1="1" ind2=" ">
         <subfield code="a">Alice</subfield>
         <subfield code="0">places/50020914</subfield>
      </datafield>
      <datafield tag="856" ind1="1" ind2=" ">
         <subfield code="u">https://libguides.sun.ac.za/SAMusicCollections/UFH</subfield>
         <subfield code="z">Directory of South African Music Collections: University of Fort Hare: NAHECS</subfield>
      </datafield>
   </record>