
   <record>
      <leader>00000nz  a2200000nc 4500</leader>
      <controlfield tag="001">institutions/51007969</controlfield>
      <controlfield tag="003">DE-633</controlfield>
      <controlfield tag="005">20250620052318.0</controlfield>
      <controlfield tag="008">240529||||z|||a|||||||||||||||||n||||||d</controlfield>
      <datafield tag="024" ind1="7" ind2=" ">
         <subfield code="a">ZA-BFarca</subfield>
         <subfield code="q">siglum</subfield>
         <subfield code="2">rism</subfield>
      </datafield>
      <datafield tag="034" ind1="1" ind2=" ">
         <subfield code="d">26.186941000347876</subfield>
         <subfield code="f">-29.107005195479676</subfield>
      </datafield>
      <datafield tag="040" ind1=" " ind2=" ">
         <subfield code="a">DE-633</subfield>
         <subfield code="c">DE-633</subfield>
         <subfield code="e">rismg</subfield>
      </datafield>
      <datafield tag="043" ind1=" " ind2=" ">
         <subfield code="c">XC-ZA</subfield>
      </datafield>
      <datafield tag="110" ind1="1" ind2=" ">
         <subfield code="a">Archive for Contemporary Affairs (ARCA)</subfield>
         <subfield code="c">Bloemfontein</subfield>
         <subfield code="g">ZA-BFarca</subfield>
      </datafield>
      <datafield tag="368" ind1=" " ind2=" ">
         <subfield code="a">Institution</subfield>
         <subfield code="a">Archive</subfield>
         <subfield code="a">Library</subfield>
      </datafield>
      <datafield tag="371" ind1=" " ind2=" ">
         <subfield code="a">Postal Address:</subfield>
         <subfield code="a">P.O. Box 2320</subfield>
         <subfield code="b">Bloemfontein</subfield>
         <subfield code="c">Free State</subfield>
         <subfield code="d">South Africa</subfield>
         <subfield code="e">9300</subfield>
         <subfield code="m">mestileld@ufs.ac.za</subfield>
         <subfield code="u">https://www.ufs.ac.za/library/libraries-divisions/archive-for-contemporary-affairs-home</subfield>
         <subfield code="z">contact: Mr. L.D. Mestile</subfield>
         <subfield code="z">tel: +27 / 51 401 2418</subfield>
      </datafield>
      <datafield tag="371" ind1=" " ind2=" ">
         <subfield code="a">Physical Address:</subfield>
         <subfield code="a">205 Nelson Mandela Drive</subfield>
         <subfield code="a">Park West</subfield>
         <subfield code="b">Bloemfontein</subfield>
         <subfield code="c">Free State</subfield>
         <subfield code="d">South Africa</subfield>
         <subfield code="e">9301</subfield>
      </datafield>
      <datafield tag="410" ind1=" " ind2=" ">
         <subfield code="a">Argief vir Eietydse Aangeleenthede (INEG)</subfield>
      </datafield>
      <datafield tag="551" ind1="1" ind2=" ">
         <subfield code="a">Bloemfontein</subfield>
         <subfield code="0">places/50014792</subfield>
      </datafield>
      <datafield tag="856" ind1="1" ind2=" ">
         <subfield code="u">https://libguides.sun.ac.za/SAMusicCollections/ARCA</subfield>
         <subfield code="z">Directory of South African Music Collections: Archive for Contemporary Affairs (ARCA) = Argief vir Eietydse Aangeleenthede (INEG)</subfield>
      </datafield>
   </record>