
   <record>
      <leader>00000nz  a2200000nc 4500</leader>
      <controlfield tag="001">institutions/51007972</controlfield>
      <controlfield tag="003">DE-633</controlfield>
      <controlfield tag="005">20250620052319.0</controlfield>
      <controlfield tag="008">240529||||z|||a|||||||||||||||||n||||||d</controlfield>
      <datafield tag="024" ind1="7" ind2=" ">
         <subfield code="a">168040705</subfield>
         <subfield code="2">VIAF</subfield>
      </datafield>
      <datafield tag="024" ind1="7" ind2=" ">
         <subfield code="a">Q2227247</subfield>
         <subfield code="2">WKP</subfield>
      </datafield>
      <datafield tag="024" ind1="7" ind2=" ">
         <subfield code="a">ZA-BFwmbr</subfield>
         <subfield code="q">siglum</subfield>
         <subfield code="2">rism</subfield>
      </datafield>
      <datafield tag="034" ind1="1" ind2=" ">
         <subfield code="d">26.208935791703247</subfield>
         <subfield code="f">-29.14022992122561</subfield>
      </datafield>
      <datafield tag="040" ind1=" " ind2=" ">
         <subfield code="a">DE-633</subfield>
         <subfield code="c">DE-633</subfield>
         <subfield code="e">rismg</subfield>
      </datafield>
      <datafield tag="043" ind1=" " ind2=" ">
         <subfield code="c">XC-ZA</subfield>
      </datafield>
      <datafield tag="110" ind1="1" ind2=" ">
         <subfield code="a">War Museum of the Boer Republics</subfield>
         <subfield code="c">Bloemfontein</subfield>
         <subfield code="g">ZA-BFwmbr</subfield>
      </datafield>
      <datafield tag="368" ind1=" " ind2=" ">
         <subfield code="a">Institution</subfield>
         <subfield code="a">Library</subfield>
         <subfield code="a">Museum</subfield>
      </datafield>
      <datafield tag="371" ind1=" " ind2=" ">
         <subfield code="a">Postal Address:</subfield>
         <subfield code="a">P.O. Box 34061</subfield>
         <subfield code="b">Bloemfontein</subfield>
         <subfield code="c">Free State</subfield>
         <subfield code="d">South Africa</subfield>
         <subfield code="e">9325</subfield>
         <subfield code="m">vicky@anglo-boer.co.za</subfield>
         <subfield code="u">https://wmbr.org.za/</subfield>
         <subfield code="z">contact: Vicky Heunis</subfield>
         <subfield code="z">tel: +27 / 51 447 3447</subfield>
      </datafield>
      <datafield tag="371" ind1=" " ind2=" ">
         <subfield code="a">Physical Address:</subfield>
         <subfield code="a">Monument Road</subfield>
         <subfield code="b">Bloemfontein</subfield>
         <subfield code="c">Free State</subfield>
         <subfield code="d">South Africa</subfield>
         <subfield code="e">9301</subfield>
      </datafield>
      <datafield tag="410" ind1=" " ind2=" ">
         <subfield code="a">Anglo-Boer War Museum</subfield>
      </datafield>
      <datafield tag="551" ind1="1" ind2=" ">
         <subfield code="a">Bloemfontein</subfield>
         <subfield code="0">places/50014792</subfield>
      </datafield>
      <datafield tag="856" ind1="1" ind2=" ">
         <subfield code="u">https://libguides.sun.ac.za/SAMusicCollections/anglo-boer-war-museum</subfield>
         <subfield code="z">Directory of South African Music Collections: War Museum of the Boer Republics</subfield>
      </datafield>
   </record>