
   <record>
      <leader>00000nz  a2200000nc 4500</leader>
      <controlfield tag="001">institutions/30003846</controlfield>
      <controlfield tag="003">DE-633</controlfield>
      <controlfield tag="005">20250620052025.0</controlfield>
      <controlfield tag="008">161109||||z|||a|||||||||||||||||n||||||d</controlfield>
      <datafield tag="024" ind1="7" ind2=" ">
         <subfield code="a">141489945</subfield>
         <subfield code="2">VIAF</subfield>
      </datafield>
      <datafield tag="024" ind1="7" ind2=" ">
         <subfield code="a">10004459-1</subfield>
         <subfield code="2">DNB</subfield>
      </datafield>
      <datafield tag="024" ind1="7" ind2=" ">
         <subfield code="a">Q211497</subfield>
         <subfield code="2">WKP</subfield>
      </datafield>
      <datafield tag="024" ind1="7" ind2=" ">
         <subfield code="a">ZA-Csa</subfield>
         <subfield code="q">siglum</subfield>
         <subfield code="2">rism</subfield>
      </datafield>
      <datafield tag="034" ind1="1" ind2=" ">
         <subfield code="d">18.418462522212742</subfield>
         <subfield code="f">-33.925057814635416</subfield>
      </datafield>
      <datafield tag="040" ind1=" " ind2=" ">
         <subfield code="a">DE-633</subfield>
         <subfield code="c">DE-633</subfield>
         <subfield code="e">rismg</subfield>
      </datafield>
      <datafield tag="043" ind1=" " ind2=" ">
         <subfield code="c">XC-ZA</subfield>
      </datafield>
      <datafield tag="110" ind1="1" ind2=" ">
         <subfield code="a">National Library of South Africa (NLSA)</subfield>
         <subfield code="c">Cape Town</subfield>
         <subfield code="g">ZA-Csa</subfield>
      </datafield>
      <datafield tag="368" ind1=" " ind2=" ">
         <subfield code="a">Institution</subfield>
         <subfield code="a">Library</subfield>
      </datafield>
      <datafield tag="371" ind1=" " ind2=" ">
         <subfield code="a">Postal Address:</subfield>
         <subfield code="a">P.O. Box 496</subfield>
         <subfield code="b">Cape Town</subfield>
         <subfield code="c">Western Cape</subfield>
         <subfield code="d">South Africa</subfield>
         <subfield code="e">8000</subfield>
         <subfield code="u">https://www.nlsa.ac.za/</subfield>
      </datafield>
      <datafield tag="371" ind1=" " ind2=" ">
         <subfield code="a">Physical Address:</subfield>
         <subfield code="a">5 Queen Victoria Street</subfield>
         <subfield code="b">Cape Town</subfield>
         <subfield code="c">Western Cape</subfield>
         <subfield code="d">South Africa</subfield>
      </datafield>
      <datafield tag="410" ind1=" " ind2=" ">
         <subfield code="a">South African Library</subfield>
      </datafield>
      <datafield tag="551" ind1="1" ind2=" ">
         <subfield code="a">Cape Town</subfield>
         <subfield code="0">places/3901904</subfield>
      </datafield>
      <datafield tag="856" ind1="1" ind2=" ">
         <subfield code="u">https://libguides.sun.ac.za/SAMusicCollections/NLSA</subfield>
         <subfield code="z">Directory of South African Music Collections: National Library of South Africa (NLSA)</subfield>
      </datafield>
   </record>