
   <record>
      <leader>00000nz  a2200000nc 4500</leader>
      <controlfield tag="001">institutions/51007963</controlfield>
      <controlfield tag="003">DE-633</controlfield>
      <controlfield tag="005">20250620052318.0</controlfield>
      <controlfield tag="008">240528||||z|||a|||||||||||||||||n||||||d</controlfield>
      <datafield tag="024" ind1="7" ind2=" ">
         <subfield code="a">ZA-Debml</subfield>
         <subfield code="q">siglum</subfield>
         <subfield code="2">rism</subfield>
      </datafield>
      <datafield tag="034" ind1="1" ind2=" ">
         <subfield code="d">30.981282322766027</subfield>
         <subfield code="f">-29.867357138696477</subfield>
      </datafield>
      <datafield tag="040" ind1=" " ind2=" ">
         <subfield code="a">DE-633</subfield>
         <subfield code="c">DE-633</subfield>
         <subfield code="e">rismg</subfield>
      </datafield>
      <datafield tag="043" ind1=" " ind2=" ">
         <subfield code="c">XC-ZA</subfield>
      </datafield>
      <datafield tag="110" ind1="1" ind2=" ">
         <subfield code="a">University of KwaZulu-Natal (UKZN), Eleanor Bonnar Music Library</subfield>
         <subfield code="c">Durban</subfield>
         <subfield code="g">ZA-Debml</subfield>
      </datafield>
      <datafield tag="368" ind1=" " ind2=" ">
         <subfield code="a">Institution</subfield>
         <subfield code="a">Library</subfield>
      </datafield>
      <datafield tag="371" ind1=" " ind2=" ">
         <subfield code="a">244 King George V Avenue</subfield>
         <subfield code="b">Durban</subfield>
         <subfield code="c">KwaZulu-Natal</subfield>
         <subfield code="d">South Africa</subfield>
         <subfield code="e">4041</subfield>
         <subfield code="m">ngcobon16@ukzn.ac.za</subfield>
         <subfield code="u">https://music.ukzn.ac.za/Facilities/Music-Library</subfield>
         <subfield code="z">contact: Nonjabulo Ngcobo</subfield>
         <subfield code="z">tel: +27 / 31 260 3827</subfield>
      </datafield>
      <datafield tag="551" ind1="1" ind2=" ">
         <subfield code="a">Durban</subfield>
         <subfield code="0">places/50012769</subfield>
      </datafield>
      <datafield tag="856" ind1="1" ind2=" ">
         <subfield code="u">https://libguides.sun.ac.za/SAMusicCollections/UKZN</subfield>
         <subfield code="z">Directory of South African Music Collections: University of KwaZulu-Natal (UKZN): Eleanor Bonnar Music Library</subfield>
      </datafield>
   </record>