
   <record>
      <leader>00000nz  a2200000nc 4500</leader>
      <controlfield tag="001">institutions/51007964</controlfield>
      <controlfield tag="003">DE-633</controlfield>
      <controlfield tag="005">20250620052318.0</controlfield>
      <controlfield tag="008">240528||||z|||a|||||||||||||||||n||||||d</controlfield>
      <datafield tag="024" ind1="7" ind2=" ">
         <subfield code="a">133690097</subfield>
         <subfield code="2">VIAF</subfield>
      </datafield>
      <datafield tag="024" ind1="7" ind2=" ">
         <subfield code="a">ZA-Dkcl</subfield>
         <subfield code="q">siglum</subfield>
         <subfield code="2">rism</subfield>
      </datafield>
      <datafield tag="034" ind1="1" ind2=" ">
         <subfield code="d">31.00472376188822</subfield>
         <subfield code="f">-29.835181386326994</subfield>
      </datafield>
      <datafield tag="040" ind1=" " ind2=" ">
         <subfield code="a">DE-633</subfield>
         <subfield code="c">DE-633</subfield>
         <subfield code="e">rismg</subfield>
      </datafield>
      <datafield tag="043" ind1=" " ind2=" ">
         <subfield code="c">XC-ZA</subfield>
      </datafield>
      <datafield tag="110" ind1="1" ind2=" ">
         <subfield code="a">University of KwaZulu-Natal, Killie Campbell Library</subfield>
         <subfield code="c">Durban</subfield>
         <subfield code="g">ZA-Dkcl</subfield>
      </datafield>
      <datafield tag="368" ind1=" " ind2=" ">
         <subfield code="a">Institution</subfield>
         <subfield code="a">Library</subfield>
      </datafield>
      <datafield tag="371" ind1=" " ind2=" ">
         <subfield code="a">220 Gladys Mazibuko Road</subfield>
         <subfield code="b">Durban</subfield>
         <subfield code="c">KwaZulu-Natal</subfield>
         <subfield code="d">South Africa</subfield>
         <subfield code="e">4001</subfield>
         <subfield code="m">campbellcollections@ukzn.ac.za</subfield>
         <subfield code="u">https://campbell.ukzn.ac.za/</subfield>
         <subfield code="z">tel: +27 / 31 260 1718</subfield>
      </datafield>
      <datafield tag="551" ind1="1" ind2=" ">
         <subfield code="a">Durban</subfield>
         <subfield code="0">places/50012769</subfield>
      </datafield>
      <datafield tag="856" ind1="1" ind2=" ">
         <subfield code="u">https://libguides.sun.ac.za/SAMusicCollections/UKZN-Killie-Campbell</subfield>
         <subfield code="z">Directory of South African Music Collections: University of KwaZulu-Natal: Killie Campbell Library</subfield>
      </datafield>
   </record>