
   <record>
      <leader>00000nz  a2200000nc 4500</leader>
      <controlfield tag="001">institutions/51007962</controlfield>
      <controlfield tag="003">DE-633</controlfield>
      <controlfield tag="005">20250620052318.0</controlfield>
      <controlfield tag="008">240528||||z|||a|||||||||||||||||n||||||d</controlfield>
      <datafield tag="024" ind1="7" ind2=" ">
         <subfield code="a">ZA-Dptl</subfield>
         <subfield code="q">siglum</subfield>
         <subfield code="2">rism</subfield>
      </datafield>
      <datafield tag="034" ind1="1" ind2=" ">
         <subfield code="d">31.026835352042966</subfield>
         <subfield code="f">-29.859168064246216</subfield>
      </datafield>
      <datafield tag="040" ind1=" " ind2=" ">
         <subfield code="a">DE-633</subfield>
         <subfield code="c">DE-633</subfield>
         <subfield code="e">rismg</subfield>
      </datafield>
      <datafield tag="043" ind1=" " ind2=" ">
         <subfield code="c">XC-ZA</subfield>
      </datafield>
      <datafield tag="110" ind1="1" ind2=" ">
         <subfield code="a">Playhouse Theatre Library</subfield>
         <subfield code="c">Durban</subfield>
         <subfield code="g">ZA-Dptl</subfield>
      </datafield>
      <datafield tag="368" ind1=" " ind2=" ">
         <subfield code="a">Institution</subfield>
         <subfield code="a">Library</subfield>
      </datafield>
      <datafield tag="371" ind1=" " ind2=" ">
         <subfield code="a">Postal Address:</subfield>
         <subfield code="a">P.O. Box 5353</subfield>
         <subfield code="b">Durban</subfield>
         <subfield code="c">Kwa-Zulu Natal</subfield>
         <subfield code="d">South Africa</subfield>
         <subfield code="e">4000</subfield>
         <subfield code="m">librarian@playhousecompany.com</subfield>
         <subfield code="u">http://playhousecompany.com/</subfield>
         <subfield code="z">contact: Khululiwe Mfayela</subfield>
         <subfield code="z">tel:  +27 / 31 369 9470</subfield>
         <subfield code="z">fax: +27 / 31 306 2166</subfield>
      </datafield>
      <datafield tag="371" ind1=" " ind2=" ">
         <subfield code="a">Physical Address:</subfield>
         <subfield code="a">231 Anton Lembede Street</subfield>
         <subfield code="b">Durban</subfield>
         <subfield code="c">Kwa-Zulu Natal</subfield>
         <subfield code="d">South Africa</subfield>
         <subfield code="e">4041</subfield>
      </datafield>
      <datafield tag="551" ind1="1" ind2=" ">
         <subfield code="a">Durban</subfield>
         <subfield code="0">places/50012769</subfield>
      </datafield>
      <datafield tag="856" ind1="1" ind2=" ">
         <subfield code="u">https://libguides.sun.ac.za/SAMusicCollections/playhouse-theatre</subfield>
         <subfield code="z">Directory of South African Music Collections: Playhouse Theatre, Durban</subfield>
      </datafield>
   </record>