
   <record>
      <leader>00000nz  a2200000nc 4500</leader>
      <controlfield tag="001">institutions/51007977</controlfield>
      <controlfield tag="003">DE-633</controlfield>
      <controlfield tag="005">20250620052319.0</controlfield>
      <controlfield tag="008">240529||||z|||a|||||||||||||||||n||||||d</controlfield>
      <datafield tag="024" ind1="7" ind2=" ">
         <subfield code="a">144213872</subfield>
         <subfield code="2">VIAF</subfield>
      </datafield>
      <datafield tag="024" ind1="7" ind2=" ">
         <subfield code="a">Q6217148</subfield>
         <subfield code="2">WKP</subfield>
      </datafield>
      <datafield tag="024" ind1="7" ind2=" ">
         <subfield code="a">ZA-Jcl</subfield>
         <subfield code="q">siglum</subfield>
         <subfield code="2">rism</subfield>
      </datafield>
      <datafield tag="034" ind1="1" ind2=" ">
         <subfield code="d">28.03852558555228</subfield>
         <subfield code="f">-26.204716360576352</subfield>
      </datafield>
      <datafield tag="040" ind1=" " ind2=" ">
         <subfield code="a">DE-633</subfield>
         <subfield code="c">DE-633</subfield>
         <subfield code="e">rismg</subfield>
      </datafield>
      <datafield tag="043" ind1=" " ind2=" ">
         <subfield code="c">XC-ZA</subfield>
      </datafield>
      <datafield tag="110" ind1="1" ind2=" ">
         <subfield code="a">Johannesburg City Library</subfield>
         <subfield code="c">Johannesburg</subfield>
         <subfield code="g">ZA-Jcl</subfield>
      </datafield>
      <datafield tag="368" ind1=" " ind2=" ">
         <subfield code="a">Institution</subfield>
         <subfield code="a">Library</subfield>
      </datafield>
      <datafield tag="371" ind1=" " ind2=" ">
         <subfield code="a">Postal Address:</subfield>
         <subfield code="a">Library Services</subfield>
         <subfield code="a">Harold Strange Library of African Studies</subfield>
         <subfield code="a">Beyers Naudé Square</subfield>
         <subfield code="b">Johannesburg</subfield>
         <subfield code="c">Gauteng</subfield>
         <subfield code="d">South Africa</subfield>
         <subfield code="e">2001</subfield>
         <subfield code="m">sithembilemk@joburg.org.za</subfield>
         <subfield code="u">https://joburg.org.za/</subfield>
         <subfield code="z">contact: Sithembile Mkhize</subfield>
         <subfield code="z">tel: +27 / 11 407 7703</subfield>
      </datafield>
      <datafield tag="371" ind1=" " ind2=" ">
         <subfield code="a">Physical Address:</subfield>
         <subfield code="a">Harold Strange Library of African Studies</subfield>
         <subfield code="a">First Floor, Central Library</subfield>
         <subfield code="a">Beyers Naudé Square</subfield>
         <subfield code="b">Johannesburg</subfield>
         <subfield code="c">Gauteng</subfield>
         <subfield code="d">South Africa</subfield>
         <subfield code="e">2001</subfield>
      </datafield>
      <datafield tag="410" ind1=" " ind2=" ">
         <subfield code="a">Johannesburg Public Library</subfield>
      </datafield>
      <datafield tag="551" ind1="1" ind2=" ">
         <subfield code="a">Johannesburg</subfield>
         <subfield code="0">places/3900695</subfield>
      </datafield>
      <datafield tag="856" ind1="1" ind2=" ">
         <subfield code="u">https://libguides.sun.ac.za/SAMusicCollections/Jhb-Lib</subfield>
         <subfield code="z">Directory of South African Music Collections: Johannesburg Public Library</subfield>
      </datafield>
   </record>