
   <record>
      <leader>00000nz  a2200000nc 4500</leader>
      <controlfield tag="001">institutions/51007985</controlfield>
      <controlfield tag="003">DE-633</controlfield>
      <controlfield tag="005">20250620052319.0</controlfield>
      <controlfield tag="008">240529||||z|||a|||||||||||||||||n||||||d</controlfield>
      <datafield tag="024" ind1="7" ind2=" ">
         <subfield code="a">Q124299972</subfield>
         <subfield code="2">WKP</subfield>
      </datafield>
      <datafield tag="024" ind1="7" ind2=" ">
         <subfield code="a">ZA-Jujl</subfield>
         <subfield code="q">siglum</subfield>
         <subfield code="2">rism</subfield>
      </datafield>
      <datafield tag="034" ind1="1" ind2=" ">
         <subfield code="d">27.998849989842107</subfield>
         <subfield code="f">-26.183415420896864</subfield>
      </datafield>
      <datafield tag="040" ind1=" " ind2=" ">
         <subfield code="a">DE-633</subfield>
         <subfield code="c">DE-633</subfield>
         <subfield code="e">rismg</subfield>
      </datafield>
      <datafield tag="043" ind1=" " ind2=" ">
         <subfield code="c">XC-ZA</subfield>
      </datafield>
      <datafield tag="110" ind1="1" ind2=" ">
         <subfield code="a">University of Johannesburg Library, Archives and Special Collections</subfield>
         <subfield code="c">Johannesburg</subfield>
         <subfield code="g">ZA-Jujl</subfield>
      </datafield>
      <datafield tag="368" ind1=" " ind2=" ">
         <subfield code="a">Institution</subfield>
         <subfield code="a">Archive</subfield>
         <subfield code="a">Library</subfield>
      </datafield>
      <datafield tag="371" ind1=" " ind2=" ">
         <subfield code="a">Postal Address:</subfield>
         <subfield code="a">University of Johannesburg Library and Information Centre</subfield>
         <subfield code="a">Auckland Park</subfield>
         <subfield code="b">Johannesburg</subfield>
         <subfield code="c">Gauteng</subfield>
         <subfield code="d">South Africa</subfield>
         <subfield code="e">2006</subfield>
         <subfield code="m">riettez@uj.ac.za</subfield>
         <subfield code="u">https://www.uj.ac.za/library/information-resources/special-collections/about-us/</subfield>
         <subfield code="z">contact: Riette Zaaiman</subfield>
         <subfield code="z">tel: +27 / 11 559 6882</subfield>
         <subfield code="z">fax: +27 / 11 726 7723</subfield>
      </datafield>
      <datafield tag="371" ind1=" " ind2=" ">
         <subfield code="a">Physical Address:</subfield>
         <subfield code="a">Auckland Park Kingsway Campus Library</subfield>
         <subfield code="a">Cnr Kingsway and University Road</subfield>
         <subfield code="b">Johannesburg</subfield>
         <subfield code="c">Gauteng</subfield>
         <subfield code="d">South Africa</subfield>
      </datafield>
      <datafield tag="551" ind1="1" ind2=" ">
         <subfield code="a">Johannesburg</subfield>
         <subfield code="0">places/3900695</subfield>
      </datafield>
      <datafield tag="856" ind1="1" ind2=" ">
         <subfield code="u">https://libguides.sun.ac.za/SAMusicCollections/UJ</subfield>
         <subfield code="z">Directory of South African Music Collections: University of Johannesburg</subfield>
      </datafield>
   </record>