
   <record>
      <leader>00000nz  a2200000nc 4500</leader>
      <controlfield tag="001">institutions/51007988</controlfield>
      <controlfield tag="003">DE-633</controlfield>
      <controlfield tag="005">20250620052319.0</controlfield>
      <controlfield tag="008">240529||||z|||a|||||||||||||||||n||||||d</controlfield>
      <datafield tag="024" ind1="7" ind2=" ">
         <subfield code="a">130584979</subfield>
         <subfield code="2">VIAF</subfield>
      </datafield>
      <datafield tag="024" ind1="7" ind2=" ">
         <subfield code="a">ZA-Juwhp</subfield>
         <subfield code="q">siglum</subfield>
         <subfield code="2">rism</subfield>
      </datafield>
      <datafield tag="034" ind1="1" ind2=" ">
         <subfield code="d">28.029506224997377</subfield>
         <subfield code="f">-26.19072010438266</subfield>
      </datafield>
      <datafield tag="040" ind1=" " ind2=" ">
         <subfield code="a">DE-633</subfield>
         <subfield code="c">DE-633</subfield>
         <subfield code="e">rismg</subfield>
      </datafield>
      <datafield tag="043" ind1=" " ind2=" ">
         <subfield code="c">XC-ZA</subfield>
      </datafield>
      <datafield tag="110" ind1="1" ind2=" ">
         <subfield code="a">University of the Witwatersrand (Wits), Historical Papers</subfield>
         <subfield code="c">Johannesburg</subfield>
         <subfield code="g">ZA-Juwhp</subfield>
      </datafield>
      <datafield tag="368" ind1=" " ind2=" ">
         <subfield code="a">Institution</subfield>
         <subfield code="a">Library</subfield>
      </datafield>
      <datafield tag="371" ind1=" " ind2=" ">
         <subfield code="a">Postal Address:</subfield>
         <subfield code="a">William Cullen Library, University of the Witwatersrand</subfield>
         <subfield code="a">Private Bag X1, P.O. WITS</subfield>
         <subfield code="b">Johannesburg</subfield>
         <subfield code="c">Gauteng</subfield>
         <subfield code="d">South Africa</subfield>
         <subfield code="e">2050</subfield>
         <subfield code="m">gabriele.mohale@wits.ac.za</subfield>
         <subfield code="u">http://historicalpapers-atom.wits.ac.za/</subfield>
         <subfield code="z">contact: Gabriele Mohale</subfield>
         <subfield code="z">tel: +27 / 11 717 1940</subfield>
      </datafield>
      <datafield tag="371" ind1=" " ind2=" ">
         <subfield code="a">Physical Address:</subfield>
         <subfield code="a">Room 2, Ground Floor</subfield>
         <subfield code="a">William Cullen Library, East Campus</subfield>
         <subfield code="b">Johannesburg</subfield>
         <subfield code="c">Gauteng</subfield>
         <subfield code="d">South Africa</subfield>
      </datafield>
      <datafield tag="551" ind1="1" ind2=" ">
         <subfield code="a">Johannesburg</subfield>
         <subfield code="0">places/3900695</subfield>
      </datafield>
      <datafield tag="856" ind1="1" ind2=" ">
         <subfield code="u">https://libguides.sun.ac.za/SAMusicCollections/wits</subfield>
         <subfield code="z">Directory of South African Music Collections: University of the Witwatersrand (Wits): Historical Papers</subfield>
      </datafield>
   </record>