
   <record>
      <leader>00000nz  a2200000nc 4500</leader>
      <controlfield tag="001">institutions/51007960</controlfield>
      <controlfield tag="003">DE-633</controlfield>
      <controlfield tag="005">20250620052318.0</controlfield>
      <controlfield tag="008">240528||||z|||a|||||||||||||||||n||||||d</controlfield>
      <datafield tag="024" ind1="7" ind2=" ">
         <subfield code="a">132311645</subfield>
         <subfield code="2">VIAF</subfield>
      </datafield>
      <datafield tag="024" ind1="7" ind2=" ">
         <subfield code="a">ZA-KIM</subfield>
         <subfield code="q">siglum</subfield>
         <subfield code="2">rism</subfield>
      </datafield>
      <datafield tag="034" ind1="1" ind2=" ">
         <subfield code="d">24.765537148270298</subfield>
         <subfield code="f">-28.740311891542035</subfield>
      </datafield>
      <datafield tag="040" ind1=" " ind2=" ">
         <subfield code="a">DE-633</subfield>
         <subfield code="c">DE-633</subfield>
         <subfield code="e">rismg</subfield>
      </datafield>
      <datafield tag="043" ind1=" " ind2=" ">
         <subfield code="c">XC-ZA</subfield>
      </datafield>
      <datafield tag="110" ind1="1" ind2=" ">
         <subfield code="a">Kimberley Africana Library</subfield>
         <subfield code="c">Kimberley</subfield>
         <subfield code="g">ZA-KIM</subfield>
      </datafield>
      <datafield tag="368" ind1=" " ind2=" ">
         <subfield code="a">Institution</subfield>
         <subfield code="a">Library</subfield>
      </datafield>
      <datafield tag="371" ind1=" " ind2=" ">
         <subfield code="a">Postal address:</subfield>
         <subfield code="a">P.O. Box 627</subfield>
         <subfield code="b">Kimberley</subfield>
         <subfield code="c">Northern Cape</subfield>
         <subfield code="d">South Africa</subfield>
         <subfield code="e">8300</subfield>
         <subfield code="m">sjames@solplaatje.org.za</subfield>
         <subfield code="z">contact: Shirley James</subfield>
         <subfield code="z">tel: +27 / 53 830 6247</subfield>
      </datafield>
      <datafield tag="371" ind1=" " ind2=" ">
         <subfield code="a">Physical address:</subfield>
         <subfield code="a">63-65 Dutoitspan Road</subfield>
         <subfield code="b">Kimberley</subfield>
         <subfield code="c">Northern Cape</subfield>
         <subfield code="d">South Africa</subfield>
      </datafield>
      <datafield tag="551" ind1="1" ind2=" ">
         <subfield code="a">Kimberley (Northern Cape)</subfield>
         <subfield code="0">places/50020911</subfield>
      </datafield>
      <datafield tag="856" ind1="1" ind2=" ">
         <subfield code="u">https://libguides.sun.ac.za/SAMusicCollections/KimberleyAfricana</subfield>
         <subfield code="z">Directory of South African Music Collections: Kimberley Africana Library</subfield>
      </datafield>
   </record>