
   <record>
      <leader>00000nz  a2200000nc 4500</leader>
      <controlfield tag="001">institutions/51007968</controlfield>
      <controlfield tag="003">DE-633</controlfield>
      <controlfield tag="005">20250620052318.0</controlfield>
      <controlfield tag="008">240528||||z|||a|||||||||||||||||n||||||d</controlfield>
      <datafield tag="024" ind1="7" ind2=" ">
         <subfield code="a">ZA-MTH</subfield>
         <subfield code="q">siglum</subfield>
         <subfield code="2">rism</subfield>
      </datafield>
      <datafield tag="034" ind1="1" ind2=" ">
         <subfield code="d">28.750817306245672</subfield>
         <subfield code="f">-31.60352993088238</subfield>
      </datafield>
      <datafield tag="040" ind1=" " ind2=" ">
         <subfield code="a">DE-633</subfield>
         <subfield code="c">DE-633</subfield>
         <subfield code="e">rismg</subfield>
      </datafield>
      <datafield tag="043" ind1=" " ind2=" ">
         <subfield code="c">XC-ZA</subfield>
      </datafield>
      <datafield tag="110" ind1="1" ind2=" ">
         <subfield code="a">Walter Sisulu University, Department of Music Education</subfield>
         <subfield code="c">Mthatha</subfield>
         <subfield code="g">ZA-MTH</subfield>
      </datafield>
      <datafield tag="368" ind1=" " ind2=" ">
         <subfield code="a">Institution</subfield>
         <subfield code="a">Library</subfield>
      </datafield>
      <datafield tag="371" ind1=" " ind2=" ">
         <subfield code="a">Postal Address:</subfield>
         <subfield code="a">Private Bag X1</subfield>
         <subfield code="b">Mthatha</subfield>
         <subfield code="c">Eastern Cape</subfield>
         <subfield code="d">South Africa</subfield>
         <subfield code="e">5117</subfield>
         <subfield code="m">ngomakutala@gmail.com</subfield>
         <subfield code="u">https://www.wsu.ac.za/index.php/en/</subfield>
         <subfield code="z">contact: Ms Ngoma</subfield>
         <subfield code="z">tel: +27 / 47 502 2041</subfield>
      </datafield>
      <datafield tag="371" ind1=" " ind2=" ">
         <subfield code="a">Physical Address:</subfield>
         <subfield code="a">Nelson Mandela Drive</subfield>
         <subfield code="b">Mthatha</subfield>
         <subfield code="c">Eastern Cape</subfield>
         <subfield code="d">South Africa</subfield>
         <subfield code="e">5117</subfield>
      </datafield>
      <datafield tag="551" ind1="1" ind2=" ">
         <subfield code="a">Mthatha</subfield>
         <subfield code="0">places/50020915</subfield>
      </datafield>
      <datafield tag="856" ind1="1" ind2=" ">
         <subfield code="u">https://libguides.sun.ac.za/SAMusicCollections/WSU</subfield>
         <subfield code="z">Directory of South African Music Collections: Walter Sisulu University</subfield>
      </datafield>
   </record>