
   <record>
      <leader>00000nz  a2200000nc 4500</leader>
      <controlfield tag="001">institutions/51007966</controlfield>
      <controlfield tag="003">DE-633</controlfield>
      <controlfield tag="005">20250620052318.0</controlfield>
      <controlfield tag="008">240528||||z|||a|||||||||||||||||n||||||d</controlfield>
      <datafield tag="024" ind1="7" ind2=" ">
         <subfield code="a">146484918</subfield>
         <subfield code="2">VIAF</subfield>
      </datafield>
      <datafield tag="024" ind1="7" ind2=" ">
         <subfield code="a">Q6051762</subfield>
         <subfield code="2">WKP</subfield>
      </datafield>
      <datafield tag="024" ind1="7" ind2=" ">
         <subfield code="a">ZA-Milam</subfield>
         <subfield code="q">siglum</subfield>
         <subfield code="2">rism</subfield>
      </datafield>
      <datafield tag="034" ind1="1" ind2=" ">
         <subfield code="d">26.514251809955322</subfield>
         <subfield code="f">-33.31446302830153</subfield>
      </datafield>
      <datafield tag="040" ind1=" " ind2=" ">
         <subfield code="a">DE-633</subfield>
         <subfield code="c">DE-633</subfield>
         <subfield code="e">rismg</subfield>
      </datafield>
      <datafield tag="043" ind1=" " ind2=" ">
         <subfield code="c">XC-ZA</subfield>
      </datafield>
      <datafield tag="110" ind1="1" ind2=" ">
         <subfield code="a">International Library of African Music (ILAM)</subfield>
         <subfield code="c">Makhanda</subfield>
         <subfield code="g">ZA-Milam</subfield>
      </datafield>
      <datafield tag="368" ind1=" " ind2=" ">
         <subfield code="a">Institution</subfield>
         <subfield code="a">Library</subfield>
      </datafield>
      <datafield tag="371" ind1=" " ind2=" ">
         <subfield code="a">Postal Address:</subfield>
         <subfield code="a">P.O. Box 94</subfield>
         <subfield code="b">Makhanda</subfield>
         <subfield code="c">Eastern Cape</subfield>
         <subfield code="d">South Africa</subfield>
         <subfield code="e">6140</subfield>
         <subfield code="m">l.watkins@ru.ac.za</subfield>
         <subfield code="u">https://www.ru.ac.za/ilam/</subfield>
         <subfield code="z">contact: Lee Watkins</subfield>
         <subfield code="z">tel: +27 / 46 603 8557</subfield>
      </datafield>
      <datafield tag="371" ind1=" " ind2=" ">
         <subfield code="a">Physical Address:</subfield>
         <subfield code="a">Prince Alfred Street</subfield>
         <subfield code="b">Makhanda</subfield>
         <subfield code="c">Eastern Cape</subfield>
         <subfield code="d">South Africa</subfield>
         <subfield code="e">6139</subfield>
      </datafield>
      <datafield tag="551" ind1="1" ind2=" ">
         <subfield code="a">Makhanda</subfield>
         <subfield code="0">places/50020913</subfield>
      </datafield>
      <datafield tag="856" ind1="1" ind2=" ">
         <subfield code="u">https://libguides.sun.ac.za/SAMusicCollections/ilam</subfield>
         <subfield code="z">Directory of South African Music Collections: ILAM</subfield>
      </datafield>
   </record>