
   <record>
      <leader>00000nz  a2200000nc 4500</leader>
      <controlfield tag="001">institutions/51007965</controlfield>
      <controlfield tag="003">DE-633</controlfield>
      <controlfield tag="005">20250620052318.0</controlfield>
      <controlfield tag="008">240528||||z|||a|||||||||||||||||n||||||d</controlfield>
      <datafield tag="024" ind1="7" ind2=" ">
         <subfield code="a">151008009</subfield>
         <subfield code="2">VIAF</subfield>
      </datafield>
      <datafield tag="024" ind1="7" ind2=" ">
         <subfield code="a">Q6972462</subfield>
         <subfield code="2">WKP</subfield>
      </datafield>
      <datafield tag="024" ind1="7" ind2=" ">
         <subfield code="a">ZA-Mml</subfield>
         <subfield code="q">siglum</subfield>
         <subfield code="2">rism</subfield>
      </datafield>
      <datafield tag="034" ind1="1" ind2=" ">
         <subfield code="d">26.509341851504445</subfield>
         <subfield code="f">-33.3105914211025</subfield>
      </datafield>
      <datafield tag="040" ind1=" " ind2=" ">
         <subfield code="a">DE-633</subfield>
         <subfield code="c">DE-633</subfield>
         <subfield code="e">rismg</subfield>
      </datafield>
      <datafield tag="043" ind1=" " ind2=" ">
         <subfield code="c">XC-ZA</subfield>
      </datafield>
      <datafield tag="110" ind1="1" ind2=" ">
         <subfield code="a">Amazwi South African Museum of Literature</subfield>
         <subfield code="c">Makhanda</subfield>
         <subfield code="g">ZA-Mml</subfield>
      </datafield>
      <datafield tag="368" ind1=" " ind2=" ">
         <subfield code="a">Institution</subfield>
         <subfield code="a">Library</subfield>
         <subfield code="a">Museum</subfield>
      </datafield>
      <datafield tag="371" ind1=" " ind2=" ">
         <subfield code="a">Postal Address:</subfield>
         <subfield code="a">Private Bag 1019</subfield>
         <subfield code="b">Makhanda</subfield>
         <subfield code="c">Eastern Cape</subfield>
         <subfield code="d">South Africa</subfield>
         <subfield code="e">6139</subfield>
         <subfield code="m">info@amazwi.museum</subfield>
         <subfield code="u">https://amazwi.museum/</subfield>
         <subfield code="z">tel:  +27 / 46 622 7042</subfield>
      </datafield>
      <datafield tag="371" ind1=" " ind2=" ">
         <subfield code="a">Physical Address:</subfield>
         <subfield code="a">25A Worcester Street</subfield>
         <subfield code="b">Makhanda</subfield>
         <subfield code="c">Eastern Cape</subfield>
         <subfield code="d">South Africa</subfield>
         <subfield code="e">6139</subfield>
      </datafield>
      <datafield tag="551" ind1="1" ind2=" ">
         <subfield code="a">Makhanda</subfield>
         <subfield code="0">places/50020913</subfield>
      </datafield>
      <datafield tag="856" ind1="1" ind2=" ">
         <subfield code="u">https://libguides.sun.ac.za/SAMusicCollections/amazwi</subfield>
         <subfield code="z">Directory of South African Music Collections: Amazwi South African Museum of Literature</subfield>
      </datafield>
   </record>