
   <record>
      <leader>00000nz  a2200000nc 4500</leader>
      <controlfield tag="001">institutions/51007961</controlfield>
      <controlfield tag="003">DE-633</controlfield>
      <controlfield tag="005">20250620052318.0</controlfield>
      <controlfield tag="008">240528||||z|||a|||||||||||||||||n||||||d</controlfield>
      <datafield tag="024" ind1="7" ind2=" ">
         <subfield code="a">ZA-POT</subfield>
         <subfield code="q">siglum</subfield>
         <subfield code="2">rism</subfield>
      </datafield>
      <datafield tag="034" ind1="1" ind2=" ">
         <subfield code="d">27.0985641538533</subfield>
         <subfield code="f">-26.691318833471836</subfield>
      </datafield>
      <datafield tag="040" ind1=" " ind2=" ">
         <subfield code="a">DE-633</subfield>
         <subfield code="c">DE-633</subfield>
         <subfield code="e">rismg</subfield>
      </datafield>
      <datafield tag="043" ind1=" " ind2=" ">
         <subfield code="c">XC-ZA</subfield>
      </datafield>
      <datafield tag="110" ind1="1" ind2=" ">
         <subfield code="a">North West University, Music Library</subfield>
         <subfield code="c">Potchefstroom</subfield>
         <subfield code="g">ZA-POT</subfield>
      </datafield>
      <datafield tag="368" ind1=" " ind2=" ">
         <subfield code="a">Institution</subfield>
         <subfield code="a">Library</subfield>
      </datafield>
      <datafield tag="371" ind1=" " ind2=" ">
         <subfield code="a">Physical Address:</subfield>
         <subfield code="a">Conservatory</subfield>
         <subfield code="a">Music Library</subfield>
         <subfield code="a">Main Campus</subfield>
         <subfield code="b">Potchefstroom</subfield>
         <subfield code="c">North West</subfield>
         <subfield code="d">South Africa</subfield>
      </datafield>
      <datafield tag="371" ind1=" " ind2=" ">
         <subfield code="a">Postal Address:</subfield>
         <subfield code="a">Ferdinand Postma Library</subfield>
         <subfield code="a">Private Bag X05</subfield>
         <subfield code="b">Noordbrug</subfield>
         <subfield code="c">North West</subfield>
         <subfield code="d">South Africa</subfield>
         <subfield code="e">2522</subfield>
         <subfield code="m">Martin.Nokoane@nwu.ac.za</subfield>
         <subfield code="u">https://library.nwu.ac.za/music-library</subfield>
         <subfield code="z">contact: Martin Nokoane</subfield>
         <subfield code="z">tel: +27 / 18 299 2783</subfield>
      </datafield>
      <datafield tag="551" ind1="1" ind2=" ">
         <subfield code="a">Potchefstroom</subfield>
         <subfield code="0">places/50020912</subfield>
      </datafield>
      <datafield tag="856" ind1="1" ind2=" ">
         <subfield code="u">https://libguides.sun.ac.za/SAMusicCollections/NWU</subfield>
         <subfield code="z">Directory of South African Music Collections: North West University Potchefstroom</subfield>
      </datafield>
   </record>