
   <record>
      <leader>00000nz  a2200000nc 4500</leader>
      <controlfield tag="001">institutions/51007982</controlfield>
      <controlfield tag="003">DE-633</controlfield>
      <controlfield tag="005">20250620052319.0</controlfield>
      <controlfield tag="008">240529||||z|||a|||||||||||||||||n||||||d</controlfield>
      <datafield tag="024" ind1="7" ind2=" ">
         <subfield code="a">Q305314</subfield>
         <subfield code="2">WKP</subfield>
      </datafield>
      <datafield tag="024" ind1="7" ind2=" ">
         <subfield code="a">ZA-Pndfcl</subfield>
         <subfield code="q">siglum</subfield>
         <subfield code="2">rism</subfield>
      </datafield>
      <datafield tag="034" ind1="1" ind2=" ">
         <subfield code="d">28.18013438993467</subfield>
         <subfield code="f">-25.757771160758505</subfield>
      </datafield>
      <datafield tag="040" ind1=" " ind2=" ">
         <subfield code="a">DE-633</subfield>
         <subfield code="c">DE-633</subfield>
         <subfield code="e">rismg</subfield>
      </datafield>
      <datafield tag="043" ind1=" " ind2=" ">
         <subfield code="c">XC-ZA</subfield>
      </datafield>
      <datafield tag="110" ind1="1" ind2=" ">
         <subfield code="a">South African National Defence Force (SANDF), Central Library</subfield>
         <subfield code="c">Pretoria</subfield>
         <subfield code="g">ZA-Pndfcl</subfield>
      </datafield>
      <datafield tag="368" ind1=" " ind2=" ">
         <subfield code="a">Institution</subfield>
         <subfield code="a">Library</subfield>
      </datafield>
      <datafield tag="371" ind1=" " ind2=" ">
         <subfield code="a">Postal Address:</subfield>
         <subfield code="a">Private Bag X172</subfield>
         <subfield code="b">Pretoria</subfield>
         <subfield code="c">Gauteng</subfield>
         <subfield code="d">South Africa</subfield>
         <subfield code="e">0001</subfield>
         <subfield code="m">sandflib@mweb.co.za</subfield>
         <subfield code="u">http://www.dod.mil.za/</subfield>
         <subfield code="z">contact: Morris Mabasa</subfield>
         <subfield code="z">tel: +27 / 12 355 1698</subfield>
         <subfield code="z">fax: +27 / 12 355 2090</subfield>
      </datafield>
      <datafield tag="371" ind1=" " ind2=" ">
         <subfield code="a">Physical Address:</subfield>
         <subfield code="a">Army Office Building</subfield>
         <subfield code="a">Cnr Dequar Rd and Potgieter Street</subfield>
         <subfield code="b">Pretoria</subfield>
         <subfield code="c">Gauteng</subfield>
         <subfield code="d">South Africa</subfield>
      </datafield>
      <datafield tag="551" ind1="1" ind2=" ">
         <subfield code="a">Pretoria</subfield>
         <subfield code="0">places/50020918</subfield>
      </datafield>
      <datafield tag="856" ind1="1" ind2=" ">
         <subfield code="u">https://libguides.sun.ac.za/SAMusicCollections/SANDFLib</subfield>
         <subfield code="z">Directory of South African Music Collections: South African National Defence Force (SANDF) Central Library</subfield>
      </datafield>
   </record>