
   <record>
      <leader>00000nz  a2200000nc 4500</leader>
      <controlfield tag="001">institutions/51007983</controlfield>
      <controlfield tag="003">DE-633</controlfield>
      <controlfield tag="005">20250620052319.0</controlfield>
      <controlfield tag="008">240529||||z|||a|||||||||||||||||n||||||d</controlfield>
      <datafield tag="024" ind1="7" ind2=" ">
         <subfield code="a">Q305314</subfield>
         <subfield code="2">WKP</subfield>
      </datafield>
      <datafield tag="024" ind1="7" ind2=" ">
         <subfield code="a">ZA-Pndfds</subfield>
         <subfield code="q">siglum</subfield>
         <subfield code="2">rism</subfield>
      </datafield>
      <datafield tag="040" ind1=" " ind2=" ">
         <subfield code="a">DE-633</subfield>
         <subfield code="c">DE-633</subfield>
         <subfield code="e">rismg</subfield>
      </datafield>
      <datafield tag="043" ind1=" " ind2=" ">
         <subfield code="c">XA-ES</subfield>
      </datafield>
      <datafield tag="110" ind1="1" ind2=" ">
         <subfield code="a">South African National Defence Force (SANDF), Documentation Services</subfield>
         <subfield code="c">Pretoria</subfield>
         <subfield code="g">ZA-Pndfds</subfield>
      </datafield>
      <datafield tag="368" ind1=" " ind2=" ">
         <subfield code="a">Institution</subfield>
         <subfield code="a">Library</subfield>
      </datafield>
      <datafield tag="371" ind1=" " ind2=" ">
         <subfield code="a">Postal Address:</subfield>
         <subfield code="a">Department of Defence</subfield>
         <subfield code="a">Command and Management Information Systems Division DoD Archives</subfield>
         <subfield code="a">Private Bag X289</subfield>
         <subfield code="b">Pretoria</subfield>
         <subfield code="c">Gauteng</subfield>
         <subfield code="d">South Africa</subfield>
         <subfield code="e">0001</subfield>
         <subfield code="m">archive@dod.mil.za</subfield>
         <subfield code="u">http://www.dod.mil.za/</subfield>
         <subfield code="z">tel: +27 / 12 670 8127 (ask for reading room and enquiries)</subfield>
         <subfield code="z">fax: +27 / 12 670 8001</subfield>
      </datafield>
      <datafield tag="371" ind1=" " ind2=" ">
         <subfield code="a">Physical Address:</subfield>
         <subfield code="a">Department of Defence</subfield>
         <subfield code="a">Command and Management Information Systems Division Documentation Centre</subfield>
         <subfield code="a">42 Saturnus Road</subfield>
         <subfield code="b">Pretoria</subfield>
         <subfield code="c">Gauteng</subfield>
         <subfield code="d">South Africa</subfield>
         <subfield code="e">0157</subfield>
      </datafield>
      <datafield tag="551" ind1="1" ind2=" ">
         <subfield code="a">Pretoria</subfield>
         <subfield code="0">places/50020918</subfield>
      </datafield>
      <datafield tag="856" ind1="1" ind2=" ">
         <subfield code="u">https://libguides.sun.ac.za/SAMusicCollections/SANDFDoc</subfield>
         <subfield code="z">Directory of South African Music Collections: South African National Defence Force (SANDF) Documentation Services</subfield>
      </datafield>
   </record>