
   <record>
      <leader>00000nz  a2200000nc 4500</leader>
      <controlfield tag="001">institutions/51007978</controlfield>
      <controlfield tag="003">DE-633</controlfield>
      <controlfield tag="005">20250620052319.0</controlfield>
      <controlfield tag="008">240529||||z|||a|||||||||||||||||n||||||d</controlfield>
      <datafield tag="024" ind1="7" ind2=" ">
         <subfield code="a">123860624</subfield>
         <subfield code="2">VIAF</subfield>
      </datafield>
      <datafield tag="024" ind1="7" ind2=" ">
         <subfield code="a">ZA-Pnfvsa</subfield>
         <subfield code="q">siglum</subfield>
         <subfield code="2">rism</subfield>
      </datafield>
      <datafield tag="034" ind1="1" ind2=" ">
         <subfield code="d">28.21398782551273</subfield>
         <subfield code="f">-25.74291981333827</subfield>
      </datafield>
      <datafield tag="040" ind1=" " ind2=" ">
         <subfield code="a">DE-633</subfield>
         <subfield code="c">DE-633</subfield>
         <subfield code="e">rismg</subfield>
      </datafield>
      <datafield tag="043" ind1=" " ind2=" ">
         <subfield code="c">XC-ZA</subfield>
      </datafield>
      <datafield tag="110" ind1="1" ind2=" ">
         <subfield code="a">National Film, Video and Sound Archives (NFVSA)</subfield>
         <subfield code="c">Pretoria</subfield>
         <subfield code="g">ZA-Pnfvsa</subfield>
      </datafield>
      <datafield tag="368" ind1=" " ind2=" ">
         <subfield code="a">Institution</subfield>
         <subfield code="a">Archive</subfield>
         <subfield code="a">Library</subfield>
      </datafield>
      <datafield tag="371" ind1=" " ind2=" ">
         <subfield code="a">Postal Address:</subfield>
         <subfield code="a">Private Bag X236</subfield>
         <subfield code="b">Pretoria</subfield>
         <subfield code="c">Gauteng</subfield>
         <subfield code="d">South Africa</subfield>
         <subfield code="e">0001</subfield>
         <subfield code="m">ChristopherG@dac.gov.za</subfield>
         <subfield code="u">https://www.nationalarchives.gov.za/</subfield>
         <subfield code="z">contact: Christopher Grové</subfield>
         <subfield code="z">tel: +27 / 12 441 3169</subfield>
      </datafield>
      <datafield tag="371" ind1=" " ind2=" ">
         <subfield code="a">Physical Address:</subfield>
         <subfield code="a">239 Vermeulen Street</subfield>
         <subfield code="b">Pretoria</subfield>
         <subfield code="c">Gauteng</subfield>
         <subfield code="d">South Africa</subfield>
         <subfield code="e">0083</subfield>
      </datafield>
      <datafield tag="551" ind1="1" ind2=" ">
         <subfield code="a">Pretoria</subfield>
         <subfield code="0">places/50020918</subfield>
      </datafield>
      <datafield tag="856" ind1="1" ind2=" ">
         <subfield code="u">https://libguides.sun.ac.za/SAMusicCollections/NFVSA</subfield>
         <subfield code="z">Directory of South African Music Collections: National Film, Video and Sound Archives (NFVSA)</subfield>
      </datafield>
   </record>