
   <record>
      <leader>00000nz  a2200000nc 4500</leader>
      <controlfield tag="001">institutions/51007986</controlfield>
      <controlfield tag="003">DE-633</controlfield>
      <controlfield tag="005">20250620052319.0</controlfield>
      <controlfield tag="008">240529||||z|||a|||||||||||||||||n||||||d</controlfield>
      <datafield tag="024" ind1="7" ind2=" ">
         <subfield code="a">Q7896158</subfield>
         <subfield code="2">WKP</subfield>
      </datafield>
      <datafield tag="024" ind1="7" ind2=" ">
         <subfield code="a">ZA-Pupl</subfield>
         <subfield code="q">siglum</subfield>
         <subfield code="2">rism</subfield>
      </datafield>
      <datafield tag="034" ind1="1" ind2=" ">
         <subfield code="d">28.230483653817338</subfield>
         <subfield code="f">-25.75530660337355</subfield>
      </datafield>
      <datafield tag="040" ind1=" " ind2=" ">
         <subfield code="a">DE-633</subfield>
         <subfield code="c">DE-633</subfield>
         <subfield code="e">rismg</subfield>
      </datafield>
      <datafield tag="043" ind1=" " ind2=" ">
         <subfield code="c">XC-ZA</subfield>
      </datafield>
      <datafield tag="110" ind1="1" ind2=" ">
         <subfield code="a">University of Pretoria Library</subfield>
         <subfield code="c">Pretoria</subfield>
         <subfield code="g">ZA-Pupl</subfield>
      </datafield>
      <datafield tag="368" ind1=" " ind2=" ">
         <subfield code="a">Institution</subfield>
         <subfield code="a">Library</subfield>
      </datafield>
      <datafield tag="371" ind1=" " ind2=" ">
         <subfield code="a">Postal Address:</subfield>
         <subfield code="a">Faculty Library for Humanities</subfield>
         <subfield code="a">Department of Library Services</subfield>
         <subfield code="b">Pretoria</subfield>
         <subfield code="c">Gauteng</subfield>
         <subfield code="d">South Africa</subfield>
         <subfield code="e">0002</subfield>
         <subfield code="m">sam.makgalemele@up.ac.za</subfield>
         <subfield code="u">https://www.up.ac.za/article/2749206/libraries</subfield>
         <subfield code="z">contact: Sam Makgalemele</subfield>
         <subfield code="z">tel: +27 / 12 420 4787</subfield>
      </datafield>
      <datafield tag="371" ind1=" " ind2=" ">
         <subfield code="a">Physical Address:</subfield>
         <subfield code="a">Merensky 2 Library, Level 5 (Old Merensky)</subfield>
         <subfield code="a">Lynnwood Road, Main Campus (Hatfield)</subfield>
         <subfield code="b">Pretoria</subfield>
         <subfield code="c">Gauteng</subfield>
         <subfield code="d">South Africa</subfield>
      </datafield>
      <datafield tag="551" ind1="1" ind2=" ">
         <subfield code="a">Pretoria</subfield>
         <subfield code="0">places/50020918</subfield>
      </datafield>
      <datafield tag="856" ind1="1" ind2=" ">
         <subfield code="u">https://libguides.sun.ac.za/SAMusicCollections/UP</subfield>
         <subfield code="z">Directory of South African Music Collections: University of Pretoria Library</subfield>
      </datafield>
   </record>