
   <record>
      <leader>00000nz  a2200000nc 4500</leader>
      <controlfield tag="001">institutions/51007939</controlfield>
      <controlfield tag="003">DE-633</controlfield>
      <controlfield tag="005">20250620052318.0</controlfield>
      <controlfield tag="008">240517||||z|||a|||||||||||||||||n||||||d</controlfield>
      <datafield tag="024" ind1="7" ind2=" ">
         <subfield code="a">ZA-Rastl</subfield>
         <subfield code="q">siglum</subfield>
         <subfield code="2">rism</subfield>
      </datafield>
      <datafield tag="034" ind1="1" ind2=" ">
         <subfield code="d">18.46045642391791</subfield>
         <subfield code="f">-33.95714688690667</subfield>
      </datafield>
      <datafield tag="040" ind1=" " ind2=" ">
         <subfield code="a">DE-633</subfield>
         <subfield code="c">DE-633</subfield>
         <subfield code="e">rismg</subfield>
      </datafield>
      <datafield tag="043" ind1=" " ind2=" ">
         <subfield code="c">XC-ZA</subfield>
      </datafield>
      <datafield tag="110" ind1="1" ind2=" ">
         <subfield code="a">University of Cape Town (UCT), African Studies Library</subfield>
         <subfield code="c">Rondebosch (Municipality of Cape Town)</subfield>
         <subfield code="g">ZA-Rastl</subfield>
      </datafield>
      <datafield tag="368" ind1=" " ind2=" ">
         <subfield code="a">Institution</subfield>
         <subfield code="a">Library</subfield>
      </datafield>
      <datafield tag="371" ind1=" " ind2=" ">
         <subfield code="a">Postal address:</subfield>
         <subfield code="a">Private Bag X3</subfield>
         <subfield code="b">Rondebosch (Municipality of Cape Town)</subfield>
         <subfield code="c">Western Cape</subfield>
         <subfield code="d">South Africa</subfield>
         <subfield code="e">7701</subfield>
         <subfield code="u">https://lib.uct.ac.za/</subfield>
      </datafield>
      <datafield tag="371" ind1=" " ind2=" ">
         <subfield code="a">Physical Address:</subfield>
         <subfield code="a">Chancellor Oppenheimer Library</subfield>
         <subfield code="a">Upper Campus</subfield>
         <subfield code="b">Rondebosch (Municipality of Cape Town)</subfield>
         <subfield code="c">Western Cape</subfield>
         <subfield code="d">South Africa</subfield>
      </datafield>
      <datafield tag="551" ind1="1" ind2=" ">
         <subfield code="a">Rondebosch</subfield>
         <subfield code="0">places/50020888</subfield>
      </datafield>
      <datafield tag="856" ind1="1" ind2=" ">
         <subfield code="u">https://libguides.sun.ac.za/SAMusicCollections/UCTLib-Afr-Studies</subfield>
         <subfield code="z">Directory of South African Music Collections: University of Cape Town (UCT): African Studies Library</subfield>
      </datafield>
   </record>