
   <record>
      <leader>00000nz  a2200000nc 4500</leader>
      <controlfield tag="001">institutions/51008498</controlfield>
      <controlfield tag="003">DE-633</controlfield>
      <controlfield tag="005">20250620052322.0</controlfield>
      <controlfield tag="008">250204||||z|||a|||||||||||||||||n||||||d</controlfield>
      <datafield tag="024" ind1="7" ind2=" ">
         <subfield code="a">ZA-Rbml</subfield>
         <subfield code="q">siglum</subfield>
         <subfield code="2">rism</subfield>
      </datafield>
      <datafield tag="034" ind1="1" ind2=" ">
         <subfield code="d">18.469607938894015</subfield>
         <subfield code="f">-33.956654191448905</subfield>
      </datafield>
      <datafield tag="040" ind1=" " ind2=" ">
         <subfield code="a">DE-633</subfield>
         <subfield code="b">ger</subfield>
         <subfield code="c">DE-633</subfield>
         <subfield code="e">rismg</subfield>
      </datafield>
      <datafield tag="043" ind1=" " ind2=" ">
         <subfield code="c">XC-ZA</subfield>
      </datafield>
      <datafield tag="110" ind1="1" ind2=" ">
         <subfield code="a">WH Bell Music Library</subfield>
         <subfield code="c">Rondebosch (Municipality of Cape Town)</subfield>
         <subfield code="g">ZA-Rbml</subfield>
      </datafield>
      <datafield tag="368" ind1=" " ind2=" ">
         <subfield code="a">Institution</subfield>
         <subfield code="a">Library</subfield>
      </datafield>
      <datafield tag="371" ind1=" " ind2=" ">
         <subfield code="a">Baxter Rd</subfield>
         <subfield code="b">Rondebosch (Municipality of Cape Town)</subfield>
         <subfield code="c">Western Cape</subfield>
         <subfield code="d">South Africa</subfield>
         <subfield code="e">7700</subfield>
         <subfield code="m">lib-music@uct.ac.za</subfield>
         <subfield code="u">https://lib.uct.ac.za/libraries-collections/wh-bell-music-library</subfield>
         <subfield code="z">tel: +27 / 21 650 7135</subfield>
      </datafield>
      <datafield tag="551" ind1="1" ind2=" ">
         <subfield code="a">Rondebosch</subfield>
         <subfield code="0">places/50020888</subfield>
      </datafield>
      <datafield tag="680" ind1="1" ind2=" ">
         <subfield code="a">WH Bell Music Library is the first completely self-contained, functionally-designed music library in Africa and serves the South African College of Music and the Centre for Theatre, Dance &amp; Performance Studies.</subfield>
      </datafield>
   </record>