
   <record>
      <leader>00000nz  a2200000nc 4500</leader>
      <controlfield tag="001">institutions/51007055</controlfield>
      <controlfield tag="003">DE-633</controlfield>
      <controlfield tag="005">20250620052312.0</controlfield>
      <controlfield tag="008">230125||||z|||a|||||||||||||||||n||||||d</controlfield>
      <datafield tag="024" ind1="7" ind2=" ">
         <subfield code="a">ZA-Rulspc</subfield>
         <subfield code="q">siglum</subfield>
         <subfield code="2">rism</subfield>
      </datafield>
      <datafield tag="034" ind1="1" ind2=" ">
         <subfield code="d">18.46075819583336</subfield>
         <subfield code="f">-33.95801995987933</subfield>
      </datafield>
      <datafield tag="040" ind1=" " ind2=" ">
         <subfield code="a">DE-633</subfield>
         <subfield code="c">DE-633</subfield>
         <subfield code="e">rismg</subfield>
      </datafield>
      <datafield tag="043" ind1=" " ind2=" ">
         <subfield code="c">XC-ZA</subfield>
      </datafield>
      <datafield tag="110" ind1="1" ind2=" ">
         <subfield code="a">University of Cape Town Libraries, Special Collections</subfield>
         <subfield code="c">Rondebosch (Municipality of Cape Town)</subfield>
         <subfield code="g">ZA-Rulspc</subfield>
      </datafield>
      <datafield tag="368" ind1=" " ind2=" ">
         <subfield code="a">Institution</subfield>
         <subfield code="a">Library</subfield>
      </datafield>
      <datafield tag="371" ind1=" " ind2=" ">
         <subfield code="a">Postal address:</subfield>
         <subfield code="a">Private Bag x 3</subfield>
         <subfield code="b">Rondebosch (Municipality of Cape Town)</subfield>
         <subfield code="c">Western Cape</subfield>
         <subfield code="d">South Africa</subfield>
         <subfield code="e">7701</subfield>
         <subfield code="m">lib-spcoll@uct.ac.za</subfield>
         <subfield code="u">https://lib.uct.ac.za/libraries-collections/special-collections</subfield>
         <subfield code="z">tel: +27 / (021) / 650-4089</subfield>
         <subfield code="z">fax: +27 / (021) / 689-7568</subfield>
      </datafield>
      <datafield tag="551" ind1="1" ind2=" ">
         <subfield code="a">Rondebosch</subfield>
         <subfield code="0">places/50020888</subfield>
      </datafield>
      <datafield tag="680" ind1="1" ind2=" ">
         <subfield code="a">Access to materials: Special Collections remains in recovery after the fire and researchers should contact the department to find out about access to relevant materials. Currently, there is only limited reference service available.</subfield>
      </datafield>
      <datafield tag="680" ind1="1" ind2=" ">
         <subfield code="a">Jagger Recovery Project at Special Collections: The University of Cape Town Libraries Special Collections consists of published and archival holdings considered significant to the institution. It was previously housed in the Jagger Library, until it was destroyed by fire in April 2021. Special Collections remains in recovery to rebuild and restore its world-renowned collections. Visit the Jagger Recovery page to learn more about our progress after the Jagger Library fire and recovery.</subfield>
      </datafield>
      <datafield tag="680" ind1="1" ind2=" ">
         <subfield code="a">Before the fire, our collections consisted of printed and audio-visual materials on African studies and a wide array of other specialised subjects, as well as over 1600 sub-collections of unique manuscripts and personal papers. The collection of books and pamphlets exceeded 85000 items on African Studies alone. The collection of African films was amongst the most extensive in the world, with over 3500 films available for viewing and research.</subfield>
      </datafield>
      <datafield tag="856" ind1="1" ind2=" ">
         <subfield code="u">https://lib.uct.ac.za/jagger-recovery</subfield>
         <subfield code="z">Jagger Recovery page</subfield>
      </datafield>
   </record>