
   <record>
      <leader>00000nz  a2200000nc 4500</leader>
      <controlfield tag="001">institutions/51007994</controlfield>
      <controlfield tag="003">DE-633</controlfield>
      <controlfield tag="005">20250620052319.0</controlfield>
      <controlfield tag="008">240604||||z|||a|||||||||||||||||n||||||d</controlfield>
      <datafield tag="024" ind1="7" ind2=" ">
         <subfield code="a">ZA-STtp</subfield>
         <subfield code="q">siglum</subfield>
         <subfield code="2">rism</subfield>
      </datafield>
      <datafield tag="034" ind1="1" ind2=" ">
         <subfield code="d">18.864432695526652</subfield>
         <subfield code="f">-33.930993110235335</subfield>
      </datafield>
      <datafield tag="040" ind1=" " ind2=" ">
         <subfield code="a">DE-633</subfield>
         <subfield code="c">DE-633</subfield>
         <subfield code="e">rismg</subfield>
      </datafield>
      <datafield tag="043" ind1=" " ind2=" ">
         <subfield code="c">XC-ZA</subfield>
      </datafield>
      <datafield tag="110" ind1="1" ind2=" ">
         <subfield code="a">Africa Open Institute for Music, Research and Innovation - Tamássy-Pauw public library</subfield>
         <subfield code="c">Stellenbosch</subfield>
         <subfield code="g">ZA-STtp</subfield>
      </datafield>
      <datafield tag="368" ind1=" " ind2=" ">
         <subfield code="a">Institution</subfield>
         <subfield code="a">Library</subfield>
      </datafield>
      <datafield tag="371" ind1=" " ind2=" ">
         <subfield code="a">7 Joubert Street</subfield>
         <subfield code="a">Pieter Okkers House</subfield>
         <subfield code="a">Stellenbosch University</subfield>
         <subfield code="b">Stellenbosch</subfield>
         <subfield code="c">Western Cape</subfield>
         <subfield code="d">South Africa</subfield>
         <subfield code="m">empauw@gmail.com</subfield>
         <subfield code="u">https://aoinstitute.ac.za/</subfield>
         <subfield code="u">https://aoinstitute.ac.za/project/esther-marie-pauw/</subfield>
         <subfield code="z">contact: Dr Esther Marie Pauw</subfield>
         <subfield code="z">tel: +27 / 72 250 7476</subfield>
      </datafield>
      <datafield tag="510" ind1="2" ind2=" ">
         <subfield code="a">Stellenbosch University</subfield>
         <subfield code="w">t</subfield>
      </datafield>
      <datafield tag="551" ind1="1" ind2=" ">
         <subfield code="a">Stellenbosch</subfield>
         <subfield code="0">places/3905636</subfield>
      </datafield>
      <datafield tag="680" ind1="1" ind2=" ">
         <subfield code="a">The Tamássy-Pauw public library is privately owned by Dr Esther Marie Pauw. She curates the Tamássy-Pauw collection, possibly the largest collection of flute-related sheet music in Africa, at Pieter Okkers House, the home of Africa Open Institute.</subfield>
      </datafield>
      <datafield tag="856" ind1="1" ind2=" ">
         <subfield code="u">https://libguides.sun.ac.za/SAMusicCollections/Tamassy-Pauw</subfield>
         <subfield code="z">Directory of South African Music Collections: Private Collection: Stellenbosch: Tamássy-Pauw flute music</subfield>
      </datafield>
   </record>