
   <record>
      <leader>00000nz  a2200000nc 4500</leader>
      <controlfield tag="001">institutions/30080131</controlfield>
      <controlfield tag="003">DE-633</controlfield>
      <controlfield tag="005">20250620052129.0</controlfield>
      <controlfield tag="008">161109||||z|||a|||||||||||||||||n||||||d</controlfield>
      <datafield tag="024" ind1="7" ind2=" ">
         <subfield code="a">ZA-STusa</subfield>
         <subfield code="q">siglum</subfield>
         <subfield code="2">rism</subfield>
      </datafield>
      <datafield tag="034" ind1="1" ind2=" ">
         <subfield code="d">18.862789085569887</subfield>
         <subfield code="f">-33.933787320526896</subfield>
      </datafield>
      <datafield tag="040" ind1=" " ind2=" ">
         <subfield code="a">DE-633</subfield>
         <subfield code="c">DE-633</subfield>
         <subfield code="e">rismg</subfield>
      </datafield>
      <datafield tag="043" ind1=" " ind2=" ">
         <subfield code="c">XC-ZA</subfield>
      </datafield>
      <datafield tag="110" ind1="1" ind2=" ">
         <subfield code="a">Die Universiteit Stellenbosch Argief</subfield>
         <subfield code="c">Stellenbosch</subfield>
         <subfield code="g">ZA-STusa</subfield>
      </datafield>
      <datafield tag="368" ind1=" " ind2=" ">
         <subfield code="a">Institution</subfield>
         <subfield code="a">Archive</subfield>
         <subfield code="a">Library</subfield>
      </datafield>
      <datafield tag="371" ind1=" " ind2=" ">
         <subfield code="a">Postal address:</subfield>
         <subfield code="a">Private Bag X1</subfield>
         <subfield code="b">Stellenbosch</subfield>
         <subfield code="c">Western Cape</subfield>
         <subfield code="d">South Africa</subfield>
         <subfield code="e">7602</subfield>
         <subfield code="m">breedtk@sun.ac.za</subfield>
         <subfield code="u">http://www.sun.ac.za/afrikaans/entities/archives/Pages/default.aspx</subfield>
         <subfield code="z">contact: Mrs Karlien Breedt</subfield>
         <subfield code="z">tel: +27 / 21 / 808 2314</subfield>
      </datafield>
      <datafield tag="371" ind1=" " ind2=" ">
         <subfield code="a">Physical Address:</subfield>
         <subfield code="a">Wilcocks Building</subfield>
         <subfield code="a">Cnr. Ryneveld and Victoria Street</subfield>
         <subfield code="b">Stellenbosch</subfield>
         <subfield code="c">Western Cape</subfield>
         <subfield code="d">South Africa</subfield>
      </datafield>
      <datafield tag="410" ind1=" " ind2=" ">
         <subfield code="a">The Stellenbosch University Archives</subfield>
      </datafield>
      <datafield tag="551" ind1="1" ind2=" ">
         <subfield code="a">Stellenbosch</subfield>
         <subfield code="0">places/3905636</subfield>
      </datafield>
      <datafield tag="856" ind1="1" ind2=" ">
         <subfield code="u">https://libguides.sun.ac.za/SAMusicCollections/SU-Archives</subfield>
         <subfield code="z">Directory of South African Music Collections: Stellenbosch University Archives</subfield>
      </datafield>
   </record>