
   <record>
      <leader>00000nz  a2200000nc 4500</leader>
      <controlfield tag="001">institutions/30080130</controlfield>
      <controlfield tag="003">DE-633</controlfield>
      <controlfield tag="005">20250620052129.0</controlfield>
      <controlfield tag="008">161109||||z|||a|||||||||||||||||n||||||d</controlfield>
      <datafield tag="024" ind1="7" ind2=" ">
         <subfield code="a">ZA-STusdm</subfield>
         <subfield code="q">siglum</subfield>
         <subfield code="2">rism</subfield>
      </datafield>
      <datafield tag="034" ind1="1" ind2=" ">
         <subfield code="d">18.866153913938376</subfield>
         <subfield code="f">-33.934295093168416</subfield>
      </datafield>
      <datafield tag="040" ind1=" " ind2=" ">
         <subfield code="a">DE-633</subfield>
         <subfield code="c">DE-633</subfield>
         <subfield code="e">rismg</subfield>
      </datafield>
      <datafield tag="043" ind1=" " ind2=" ">
         <subfield code="c">XC-ZA</subfield>
      </datafield>
      <datafield tag="110" ind1="1" ind2=" ">
         <subfield code="a">Universiteit van Stellenbosch, Dokumentasiesentrum vir Musiek (DOMUS)</subfield>
         <subfield code="c">Stellenbosch</subfield>
         <subfield code="g">ZA-STusdm</subfield>
      </datafield>
      <datafield tag="368" ind1=" " ind2=" ">
         <subfield code="a">Institution</subfield>
         <subfield code="a">Library</subfield>
      </datafield>
      <datafield tag="371" ind1=" " ind2=" ">
         <subfield code="a">Departement Musiek, Neethlingstraat</subfield>
         <subfield code="a">Konservatorium</subfield>
         <subfield code="b">Stellenbosch</subfield>
         <subfield code="c">Western Cape</subfield>
         <subfield code="d">South Africa</subfield>
         <subfield code="e">7602</subfield>
         <subfield code="m">santiedj@sun.ac.za</subfield>
         <subfield code="u">https://libguides.sun.ac.za/domus</subfield>
         <subfield code="z">contact: Santie de Jongh</subfield>
         <subfield code="z">tel: +27 / (0)21 / 808 2597</subfield>
      </datafield>
      <datafield tag="410" ind1=" " ind2=" ">
         <subfield code="a">Stellenbosch University, Documentation Centre for Music (DOMUS)</subfield>
      </datafield>
      <datafield tag="551" ind1="1" ind2=" ">
         <subfield code="a">Stellenbosch</subfield>
         <subfield code="0">places/3905636</subfield>
      </datafield>
      <datafield tag="856" ind1="1" ind2=" ">
         <subfield code="u">https://libguides.sun.ac.za/SAMusicCollections/DOMUSColl</subfield>
         <subfield code="z">Directory of South African Music Collections: Stellenbosch University Library and Information Service: DOMUS</subfield>
      </datafield>
   </record>